@online{Stepper-motor-datasheet,
    author = "HuaNing Motor", 
    title = "24BYJ48 Datasheet, Equivalent, Stepping Motor.", 
    url = "https://datasheetspdf.com/pdf/1419818/HuaNing/24BYJ48/1", 
    urldate = "2022-11-24"
}
